<record><leader>00000cas a22000007a 4500</leader><controlfield tag="001">17154239</controlfield><controlfield tag="008">871201d18991uuuinuuu ne      0    0eng d</controlfield><datafield ind1=" " ind2=" " tag="010"><subfield code="a">sn 87056839 </subfield></datafield><datafield ind1=" " ind2=" " tag="040"><subfield code="a">NPI</subfield><subfield code="b">eng</subfield><subfield code="c">NPI</subfield><subfield code="d">OCLCQ</subfield></datafield><datafield ind1=" " ind2=" " tag="042"><subfield code="a">msc</subfield></datafield><datafield ind1="0" ind2="4" tag="245"><subfield code="a">The Cowan courier.</subfield></datafield><datafield ind1=" " ind2=" " tag="260"><subfield code="a">Cowan, Delaware County, Ind. :</subfield><subfield code="b">C.B. Harris,</subfield><subfield code="c">1899-</subfield></datafield><datafield ind1="0" ind2=" " tag="362"><subfield code="a">Vol. 1, no. 1 (May 12, 1899)-</subfield></datafield><datafield ind1=" " ind2=" " tag="752"><subfield code="a">United States</subfield><subfield code="b">Indiana</subfield><subfield code="c">Delaware</subfield><subfield code="d">Cowan.</subfield></datafield></record>